<?xml version="1.0" encoding="UTF-8"?><collection xmlns="http://www.loc.gov/MARC21/slim"><record><leader>00460nam--2200169-i-4500</leader><controlfield tag="001">000016311</controlfield><controlfield tag="002">20161230</controlfield><controlfield tag="005">20161230201031</controlfield><controlfield tag="008">060222s1000------------r-----000-0-eng-d</controlfield><datafield ind1=" " ind2=" " tag="040"><subfield code="a">IFIN-HH</subfield></datafield><datafield ind1=" " ind2=" " tag="080"><subfield code="a">533.9</subfield></datafield><datafield ind1="1" ind2=" " tag="100"><subfield code="a">Artsimovich, L.A</subfield></datafield><datafield ind1="1" ind2="0" tag="245"><subfield code="a">Controlled thermonuclear reactions</subfield><subfield code="c">L.a. artsimovich</subfield></datafield><datafield ind1=" " ind2=" " tag="260"><subfield code="a">New York, Gordon And Breach Science Publishers 1964</subfield></datafield><datafield ind1=" " ind2=" " tag="300"><subfield code="a">XVI + 405 P</subfield></datafield><datafield ind1=" " ind2=" " tag="852"><subfield code="a">78023</subfield><subfield code="c">533.9</subfield></datafield><datafield ind1=" " ind2=" " tag="CAT"><subfield code="a">Sys</subfield><subfield code="c">20101003</subfield><subfield code="h">162510</subfield></datafield></record></collection>